@book{
	lio-18,
	author			= {Linowes, Jonathan},
	title			= {Unity Virtual Reality Projects},
	month			= May,
	year			= {2018},
	publisher       = {Packt},
	note			= "",
	doi 			= {01.2345/123456789},
}

@book{
	kar-18,
	author			= {Karamian, Vahé},
	title			= {Bulding an RPG in Unity 2018},
	month			= May,
	year			= {2018},
	publisher       = {Packt},
	note			= "",
	isbn 			= {978-1-78862-346-9},
}

@book{
	geig-18,
	author			= {Geig, Mike},
	title			= {Unity 2018 game development in 24 hours},
	month			= May,
	year			= {2018},
	publisher       = {Pearson},
	note			= "",
	isbn 			= {978-0-13-499813-8},
}

@book{
	smi-18,
	author			= {Smith, Matt},
	title			= {Unity 2018 cookbook},
	month			= May,
	year			= {2018},
	publisher       = {Packt},
	note			= "",
	isbn 			= {978-1-78847-190-9},
}

@book{
	tho-18,
	author			= {Thorn, Allan},
	title			= {Unity 2018 by example},
	month			= July,
	year			= {2018},
	publisher       = {Packt},
	note			= "",
	isbn 			= {978-1-78839-870-1},
}

@book{
	glo-18,
	author			= {Glover, Jesse},
	title			= {Unity 2018 Augmented Reality projects},
	month			= July,
	year			= {2018},
	publisher       = {Packt},
	note			= "",
	isbn 			= {978-1-78883-876-4},
}

@book{
	mur-18,
	author			= {Murray, Jeff},
	title			= {Building Virtual Reality with Unity and Steam VR},
	month			= July,
	year			= {2017},
	publisher       = {CRC Press},
	note			= "",
	isbn 			= {978-1-138-03351-1},
}

@book{
	sch-18,
	author			= {Schell, Jesse},
	title			= {Virtual Reality blueprints},
	month			= March,
	year			= {2017},
	publisher       = {Packt},
	note			= "",
	isbn 			= {978-1-78646-298-5},
}

@book{
	bet-03,
	author			= {Bethke, Erik},
	title			= {Game Development and Production},
	month			= March,
	year			= {2003},
	publisher       = {Wordware Publishing},
	note			= "",
	isbn 			= {978-1-55622-951-0},
}

@book{
	dill-07,
	author			= {Dille, Flint and Zuur, John},
	title			= {The Ultimate Guide to Video Game Writing and Design},
	month			= March,
	year			= {2007},
	publisher       = {Lone Eagle Publishing Company},
	note			= "",
	isbn 			= {978-1-58065-066-3},
}

@book{
	agu-08,
	author			= {Aguado, Guadalupe and others},
	title			= {Organización y gestión de la empresa informativa},
	month			= March,
	year			= {2008},
	publisher       = {Síntesis},
	note			= "",
	isbn 			= {9788497566025},
}

@book{
	rou-05,
	author			= {Rouse III, Richard},
	title			= {Game Design: Theory \& Practice},
	month			= March,
	year			= {2005},
	publisher       = {Wordware Publishing},
	note			= "",
	isbn 			= {9781556229121},
}

@article{
	man-14,
	author			= {Manrubia, Ana María},
	title			= {El proceso productivo del videojuego: fases de producción},
	month			= March,
	year			= {2014},
	publisher       = {},
	note			= "",
	doi 			= {},
}

@article{
	lomb-13,
	author			= {Lomba, Concha},
	title			= {El Paraninfo, símbolo de la cultura universitaria},
	month			= April,
	year			= {2013},
	publisher       = {},
	note			= "",
	doi 			= {},
}

@article{
	mor-10,
	author			= {Morales, Gerardo and others},
	title			= {Procesos de desarrollo para videojuegos},
	month			= April,
	year			= {2010},
	publisher       = {},
	note			= "",
	doi 			= {},
}

@article{
	lop-18,
	author			= {López, Víctor},
	title			= {La Realidad Virtual como recurso educativo en las ciencias experimentales},
	month			= April,
	year			= {2018},
	publisher       = {},
	note			= "",
	doi 			= {},
}

@book{
	schn-17,
	author			= {Schnipper, Matthew},
	title			= {Seeing is Believing: The State of Virtual Reality},
	month			= March,
	year			= {2017},
	publisher       = {The Verge},
	note			= "",
	isbn 			= {},
}


@article{
	brock-16,
	author			= {Brockwell, Holly},
	title			= {Forgotten genius: the man who made a working VR machine in 1957},
	month			= April,
	year			= {2016},
	publisher       = {},
	note			= "",
	doi 			= {},
}

@article{
	suth-65,
	author  	= {Sutherland, Ivan},
	title   	= {A head-mounted three dimensional display},
	month	    = April,
	year	    = {1965},
	publisher   = {}
}

@article{
    gerv-99,
    author  = {Mazuryk, Tomasz and Gervautz, Michael},
    year    = {1999},
    month   = {12},
    pages   = {},
    title   = {Virtual Reality - History, Applications, Technology and Future}
}

@article{
    cade-08,
    author  = {Cadena, Rodrigo},
    year    = {2008},
    title   = {Diseño e implementación de un motor de Realidad Virtual escalable para escenarios 3D}
}

@article{
    fer-02,
    author      = {Fernández, Rubén and others},
    year        = {2002},
    title       = {De la realidad virtual a la realidad aumentada}
}

@article{
    next-gen-97, 
    title       = {So What Do they Teach you at Videogame School?}, 
    volume      = {25}, 
    journal     = {Next Generation}, 
    year        = {1997}, 
    month       = {Jan}
}

@article{
    Boe-79,
    title       = {Software engineering as it is},
    author      = {Barry Boehm},
    year        = {1979}
}

@article{
    scrum-guide,
    title       = {The SCRUM Guide},
    author      = {Ken Schwaber and Jeff Sutherland},
    year        = {2013}
}

@article{
    scrum-card,
    title       = {{SCRUM} Reference Card},
    author      = {Michael James and Luke Walter},
    year        = {2010},
    url         = {http://scrumreferencecard.com/ScrumReferenceCard.pdf},
    note        = {Last checked on 26/05/2017}
}

@book{
	ramirez-0610,
	author			= {Ramírez, Juan Antonio},
	title			= {Historia del Arte},
	year			= {2006-2010},
	publisher       = {Alianza},
	note			= "",
}